@misc{ Nobody06,
       author = "nobody jr",
       title = "my article",
       year = "2005"}
